% Encoding: UTF-8

@article{barney2012parallel,
  	title={What is parallel computing},
  	author={Barney, Blaise},
  	journal={Introduction to Parallel Computing},
  	year={2012}
}


@book{Unit2COPC,
	title = {Elements of Parallel Computing and Architecture},
	year = {2014},
	publisher = {Gullybaba Publishing House}
}

@online{amdahlslaw,
	author = {Jakob Jenkov},
	title = {Amdahl's Law},
	year = {2015},
	url = {http://tutorials.jenkov.com/java-concurrency/amdahls-law.html}
}





@Comment{jabref-meta: databaseType:bibtex;}
