% Encoding: UTF-8

@Article{Hardesty2013,
  author  = {Larry Hardesty},
  title   = {Concepts familiar from grade-school algebra have broad ramifications in computer science},
  journal = {MIT news},
  year    = {2013},
  url     = {http://news.mit.edu/2013/explained-matrices-1206},
}

@Article{CycloneV,
  author  = {Altera},
  title   = {Cyclone V Device Datasheet},
  journal = {altera.com},
  year    = {2016},
  url     = {https://www.altera.com/content/dam/altera-www/global/en_US/pdfs/literature/hb/cyclone-v/cv_51002.pdf},
}

@Manual{DE1SoC,
  title  = {DE1-SoC Getting Started Guide},
  author = {TerASIC},
  year   = {2016},
  url    = {http://www.ee.ic.ac.uk/pcheung/teaching/E2_experiment/DE1-SoC_Getting_Started_Guide.pdf},
}

@Book{CMOSVLSIDesign,
  title  = {CMOS VLSI Design: A circuit and system perspective.},
  year   = {2013},
  author = {Heil H.E. Weste, David Money Harris},
  editor = {Heil H.E. Weste, David Money Harris},
  url    = {http://ic.sjtu.edu.cn/ic/dic/wp-content/uploads/sites/10/2013/04/CMOS-VLSI-design.pdf},
}

@Book{FPGAforDummies,
  title     = {FPGA for dummies},
  publisher = {intel},
  year      = {2017},
  author    = {Andrew Moore, Ron WIlson},
  editor    = {Andrew Moore, Ron WIlson},
  url       = {https://www.altera.com/content/dam/altera-www/global/en_US/pdfs/literature/misc/fpgas_for_dummies_ebook.pdf},
}

@TechReport{intel4004,
  title       = {The Story of the Intel 4004},
  institution = {Intel},
  url         = {http://www.intel.com/content/www/us/en/history/museum-story-of-intel-4004.html},
}

@Manual{AlteraHPS,
  title = {Cyclone V SoC Hard Processor System},
  url   = {https://www.altera.com/products/fpga/features/cyv-soc-hps.html},
}

@Article{LinuxOS,
  author  = {Sahil Bhardwaj, Sahib Arora, Sachin Malik},
  title   = {Research paper on operating system},
  journal = {IJIRT},
  year    = {2014},
  volume  = {1},
  number  = {5},
  pages   = {774-783},
  issn    = {2349-6002},
  url     = {http://ijirt.org/vol1/paperpublished/IJIRT100384_PAPER.pdf},
}

@Misc{Angstrom,
  url = {http://www.angstrom-distribution.org},
}

@Misc{CompilationProcess,
  title = {Compilers, Assemblers, Linkers, Loaders: A Short Course},
  year  = {1997},
  url   = {https://courses.cs.washington.edu/courses/cse378/97au/help/compilation.html},
}

@Misc{CompilationLayout,
  title = {The C++ compilation process},
  url   = {http://faculty.cs.niu.edu/~mcmahon/CS241/Notes/compile.html},
}

@Book{CLanguage,
  title     = {The C programming language},
  publisher = {s},
  year      = {1978},
  author    = {Brian Kernighan, Dennis Ritchie},
}

@Book{OpenCLHelloWorld,
  title     = {The OpenCL Programming Book},
  publisher = {Fixstars Corporation},
  year      = {2010},
  author    = {Ryoji Tsuchiyama, Takashi Nakamura, Takuro Iizuka, Akihiro Asahara, Jeongdo Son, Satoshi Miki},
  editor    = {Satoru Tagawa},
  url       = {https://www.fixstars.com/en/opencl/book/OpenCLProgrammingBook/basic-program-flow/},
}

@Manual{HPS2FPGAManual,
  title  = {Exploring the Arrow SoCKit},
  author = {Howard Mao},
  year   = {2013},
  url    = {https://zhehaomao.com/blog/fpga/2013/12/27/sockit-3.html},
}

@TechReport{,
}

@Manual{Qsys,
  title        = {Quartus Prime Standard Handbook v16.1},
  organization = {Altera},
  edition      = {16.1},
  year         = {2016},
  url          = {https://www.altera.com/content/dam/altera-www/global/en_US/pdfs/literature/hb/qts/qts-qps-handbook.pdf},
}

@Misc{QuartusCompilation,
  url = {http://quartushelp.altera.com/15.0/mergedProjects/comp/comp/comp_view_comp.htm},
}

@Article{MooreLaw,
  author  = {Gordon E. Moore},
  title   = {Cramming more components onto integrated circuits},
  journal = {Electronics},
  year    = {1965},
  volume  = {38},
  number  = {8},
  month   = apr,
  url     = {http://www.monolithic3d.com/uploads/6/0/5/5/6055488/gordon_moore_1965_article.pdf},
}

@Article{usingOpenCLToRapidalyPrototypeFPGADesigns,
  author = {Kui Wang, Jari Nurmi},
  title  = {Using OpenCL to Rapidly Prototype FPGA Designs},
  year   = {2016},
}

@Comment{jabref-meta: databaseType:bibtex;}
